% Misc references for citings

% M. Karter, Fire loss in the United States during 2012. Quincy, Mass: NFPA, 2013
@article{karter2013fire_damages,
  author          = {Karter, M},
  title           = {Fire loss in the United States during 2012},
  journal         = {NFPA},
  year            = {2013}
}

% R. Fahy, 
Firefighter fatalities in the United States-2014. Quincy, Mass: NFPA, 2015
@article{fahy2015firefighter_deaths,
  author          = {Fahy, R},
  title           = {Firefighter fatalities in the United States},
  journal         = {NFPA},
  year            = {2015}
}

% Kiss D and Tevesz G. 
Advanced dynamic window based navigation approach using model predictive control. 
In: 17th international conference methods and models in automation and robotics, 
Miedzyzdroje, Poland, 27 August 2012, pp. 148–153. IEEE.
@article{kiss2012dwa_usage_3,
  author          = {Kiss, D and Tevesz, G},
  title           = {Advanced dynamic window based navigation approach using model predictive control},
  journal         = {17th International conference methods and models in automation and robotics},
  pages           = {148-153},
  year            = {2012}
}


% Ogren P and Leonard NE. 
A convergent dynamic window approach to obstacle avoidance. 
IEEE Trans Robot Autom 2005; 21(2): 188–195.
@article{ogren2005dwa_usage_2,
  author          = {Ogren, P and Leonard, NE},
  title           = {A convergent dynamic window approach to obstacle avoidance},
  journal         = {IEEE Trans Robot Autom},
  pages           = {188-195},
  year            = {2005}
}


% Brock O and Khatib O. 
High-speed navigation using the global dynamic window approach. 
In: Proceedings IEEE inter- national conference on robotics and automation, 
Detroit, MI, 1999, Vol. 1, pp. 341–346. IEEE.
@article{brock1999dwa_usage_1,
  author          = {Brock, O and Khatib, O},
  title           = {High-speed navigation using the global dynamic window approach},
  journal         = {IEEE International conference on robotics and automation},
  volume          = {1},
  pages           = {341-346},
  year            = {1999}
}

% Fox D, Burgard W and Thrun S. 
The dynamic window approach to collision avoidance. 
IEEE Robot Automat Mag 1997; 4: 23–33.
@article{fox1997dwa_paper,
  author          = {Fox, D and Burgard, W and Thrun, S},
  title           = {The dynamic window apporach to collision avoidance},
  journal         = {IEEE Robot Automat Mag},
  volume          = {4},
  pages           = {23-33},
  year            = {1997}
}

% Diegel, O., Badve, A., Bright, G., Potgieter, J., & Tlale, S. 
(2002, November). 
Improved mecanum wheel design for omni-directional robots. 
In Proc. 2002 
Australasian conference on robotics and automation, Auckland (pp. 117-121).
@article{diegel2002improved_mecanum_wheel,
  author          = {Diegel, O and Badve, A and Bright, G and Potgieter, J and Tlale, S},
  title           = {Improved mecanum wheel design for omnidirectional robots},
  year            = {2002}
}

% Adăscăliţei, Florentina, and Ioan Doroftei. 
"Practical applications for mobile robots based on 
mecanum wheels-a systematic survey." 
The Romanian Review Precision Mechanics, 
Optics and Mechatronics 40 (2011): 21-29.
@article{adascalitei2011mecanum_wheels,
  author          = {Adăscăliţei, F and Doroftei, I},
  title           = {Practical applications for mobile robots based on mecanum wheels-a systematic survey},
  journal         = {Romanian Review Precision Mechanics, Optics and Mechatronics},
  volume          = {40},
  pages           = {21-29},
  year            = {2011}
}

% MapReduce
% Dean, J., & Ghemawat, S. (2004). MapReduce: Simplified data processing on large clusters.
@article{dean2004map_reduce,
  author  = {Dean, J and Ghemewat, S},
  title   = {MapReduce: Simplified data processing on large clusters},
  year    = {2004}
}

% Quality Attributes Reference
% ISO/IEC. (2011). ISO/IEC 25010: 2011 Systems and software engineering--
% Systems and software Quality Requirements and Evaluation (SQuaRE)--System and software quality models.
@article{iso2011quality_attributes,
  author  = {{ISO/IEC}},
  title   = {ISO/IEC 25010: 2011 Systems and software engineering--Systems and software Quality Requirements and Evaluation (SQuaRE)--System and software quality models},
  url     = {https://www.iso.org/standard/35733.html}
}

% Systematic studies guidelines
% Wohlin, C., Runeson, P., Höst, M., Ohlsson, M. C., Regnell, B., & Wesslén, A. (2012).
% Experimentation in software engineering. Springer Science & Business Media.
@article{wohlin2012experimentation,
  author  = {Wohlin, C and Runeson, P and Höst, M and Ohlsson, M.C. and Regnell, B and Wesslén, A},
  title   = {Experimentation in software engineering},
  year    = {2012}
}

% Petersen, K., Vakkalanka, S., & Kuzniarz, L. (2015). 
% Guidelines for conducting systematic mapping studies in software engineering: An update. Information and Software Technology, 64, 1-18.
@article{petersen2015guidelines_systematic,
  author  = {Peterson, K and Vakkalanka, S and Kuzniarz, L},
  title   = {Guidelines for conducting systematic mapping studies in software engineering: An update},
  year    = {2015}
}

% Kitchenham, B., & Brereton, P. (2013). A systematic review of systematic review process research in software engineering. 
% Information and software technology, 55(12), 2049-2075.
@article{kitchenham2013systematic_review_guidelines,
  author  = {Kitchenham, B and Brereton, P},
  title   = {A systematic review of systematic review process research in software engineering},
  year    = {2013}
}

% Snowballing 
% Wohlin, C. (2014, May). Guidelines for snowballing in systematic literature studies and a replication in software engineering. In Proceedings of the 18th international conference on evaluation and assessment in software engineering (pp. 1-10).
@article{wohlin2014snowballing,
    title={Guidelines for snowballing in systematic literature studies and a replication in software engineering},
    author={Wohlin, C},
    year={2014},
    journal={Proceedings of the 18th international conference on evaluation and assessment in software engineering},
    pages={1-10}
}

% Industry 4.0
% Lasi, H., Fettke, P., Kemper, H. et al. Industry 4.0. Bus Inf Syst Eng 6, 239–242 (2014)
@article{lasi2014industry4,
    title={Industry 4.0},
    author={Lasi, H and Fettke, P and Kemper, H},
    year={2014},
    journal={Bus Inf Syst Eng 6},
    pages={239-242}
}

% From paper 1
% W. Burgard, M. Moors, C. Stachniss, and F. E. Schneider. Coordinated Multi-Robot Exploration. 
% IEEE Transaction on Robotics, 21(3):376–386, 6 2005. 
@article{burgard2005multi_robot_exploration,
  author  = {Burgard, W and Moors, M and Stachniss, C and Schneider, F.E.},
  title   = {Coordinated Multi-Robot Exploration},
  journal = {Transaction on Robotics},
  pages   = {376–386},
  year    = {2005}
}

% From paper 1
% R. Simmons, D. Apfelbaum, W. Burgard, D. Fox, M. Moors, S. Thrun, and H. Younes. 
% Coordination for Multi-Robot Exploration and Mapping. In Proc. of the National Conference on Artiﬁcial Intelligence (AAAI), 2000. 
@article{simmons2000multi_robot_exploration,
  author  = {Simmons, R and Apfelbaum, D and Burgard, W and Fox, D and Moors, M and Thrun, S and Younes, H},
  title   = {Coordination for Multi-Robot Exploration and Mapping},
  year    = {2000}
}

% From paper 1
% R. Zlot, A. Stentz, M. B. Dias, and S. Thayer. Multi-Robot Exploration Controlled by a Market Economy. In ICRA, pages 3016–3023, 2002
@article{zlot2002multi_robot_exploration,
  author  = {Zlot, R and Stentz, A and Dias, M.B. and Thayer, S},
  title   = { Multi-Robot Exploration Controlled by a Market Economy},
  journal = {ICRA},
  pages   = {3016-3023},
  year    = {2002}
}

% From paper 7
% J. Wan, S. Tang, Q. Hua, D. Li, C. Liu, J. Lloret, Context-aware cloud robotics for material handling in cognitive industrial internet of things, IEEE Internet Things J. 5 (July (4)) (2017)
@article{wan2017iot_material_handling,
    title={Context-aware cloud robotics for material handling in cognitive industrial internet of things},
    author={Wan, J and Tang, S and Hua, Q and Li, D and Liu, C and Lloret, J},
    journal={Internet of Things},
    publisher={IEEE},
    year={2017}
}

% From paper 7
% M. Stenmark, J. Malec, K. Nilsson, A. Robertsson, On distributed knowledge bases for robotized small-batch assembly, IEEE Trans. Autom. Sci. Eng. 12 (March (2)) (2015) 519–528.
@article{stenmark2015assemblyline_robots,
    title={On distributed knowledge bases for robotized small-batch assembly},
    author={Stenmark, M and Malec, J and Nilsson, K and Robertsson, A},
    journal={Autom. Sci. Eng. 12},
    publisher={IEEE},
    year={2015},
    pages={519-528}
}

% From paper 7
% C. Mühlbacher, G. Steinbauer, S. Gspandl, M. Reip, Model-based testing of an industrial multi-robot navigation system, in: 16th International Conference on Autonomous Agents and Multiagent Systems (AAMAS 2017), São Paulo, Brazil, May 2017, pp. 1652–1654
@article{muhlbacher2017multi_robot_navigation,
    title={Model-based testing of an industrial multi-robot navigation system},
    author={Mühlbacher, C and Steinbauer, G and Gspandl, S and Reip, M},
    journal={6th International Conference on Autonomous Agents and Multiagent Systems},
    year={2017},
    pages={1652-1654}
}

% From paper 8
@book{international2006energy,
  title={Energy technology perspectives},
  author={{International Energy Agency. Office of Energy Technology and R\&D. and Group of Eight (Organization)}},
  year={2006},
  publisher={International Energy Agency}
}

% From paper 8
% U.S. Energy Information Administration, Manufacturing energy consumption survey (MECS), (2014). URL http://www.eia.gov/consumption/manufacturing . Visited in June 2018
@article{US2018energy_administration,
    title={Manufacturing energy consumption survey (MECS)},
    author={{US Energy Information Administration}},
    url={http://www.eia.gov/consumption/manufacturing},
    year={2018}
}

% From paper 8
% A.Fysikopoulos, D.Anagnostakis, K.Salonitis, G.Chryssolouris, An empirical study of the energy consumption in automotive assembly, Procedia CIRP 3 (2012) 477–482, https:// doi.org/10.1016/j.procir.2012.07.082.
@article{fysikopoulos2012automotive_energy_consumption,
    title={An empirical study of the energy consumption in automotive assembly},
    author={Fysikopoulos, A and Anagnostakis, D and Salonitis, K and Chryssolouris, G},
    journal={Procedia CIRP 3},
    year={2012},
    pages={477-482},
    url={https:// doi.org/10.1016/j.procir.2012.07.082}
}

% From paper 8
% IFR Statistical Department, Executive summary of World Robotics 2010:Industrial Robots, 2010.
@article{IFR2010executive_summary,
    title={Executive summary of World Robotics},
    author={{IFR Statistical Department}},
    year={2010}
}

% From paper 8
% J. Engelmann, Methoden und Werkzeuge zur Planung und Gestaltung energieeffizienter Fabriken, IBF, 2009.
@article{engelmann2009energy_efficient_factories,
    title={Methoden und Werkzeuge zur Planung und Gestaltung energieeffizienter Fabriken},
    author={Engelmann, J},
    year={2009}
}

% From paper 16
% J. Evans. Helpmate: An Autonomous Mobile Robot Courier for Hospitals. In IROS, pages 1695–1700, 1994.
@article{evans1994courier_hospital,
    title={An Autonomous Mobile Robot Courier for Hospitals},
    author={Evans, J},
    pages={1695-1700},
    journal={IROS},
    year={1994}
}

% From paper 16
% R. Aylett. Robots: Bringing Intelligent Machines To Life. Barrons, 2002. 
@article{aylett2002machines_to_life,
    title={Robots: Bringing Intelligent Machines To Life},
    author={Aylett, R},
    year={2002}
}

% From paper 16
%  P. E. Rybski, N. P. Papanikolopoulos, S. A. Stoeter, D. G. Krantz, K. B. Yesin, M. Gini, R. Voyles, D. F. Hougen, B. Nelson, and M. D. Erickson. Enlisting Rangers and Scouts for Reconnaissance and Surveillance. IEEE Robotics and Automation Magazine, 7(4):14–24, December 2000.
@article{rybsky2000robot_rangers,
    title={Enlisting Rangers and Scouts for Reconnaissance and Surveillance},
    author={Rybski, P.E. and Papanikolopoulos, N.P. and Stoeter, S.A. and Krantz, D.G. and Yesin, K.B. and Gini, M. and Voyles, R. and Hougen, D.F. and Nelson, B. and Erickson, M.D.},
    journal={Robotics and Automation Magazine},
    publisher={IEEE},
    year={2000},
    pages={14-24}
}


% Primary Studies in order of Data - S.O. Swanborn spreadsheet.

% Improvement in energy efficient mobile robot exploration by deciding targets based on oriëntation instead of utility. No overlap in routes, better efficiency.
@article{mei2006mobile_exploration,
  title={Energy-efficient mobile robot exploration},
  author={Mei, Yongguo and Lu, Yung-Hsiang and Lee, CS George and Hu, Y. Charlie},
  pages={505–511},
  year={2006},
  publisher={IEEE}
}

% Mecanum wheeled robots efficiency improvements through limiting omni-directional changes in direction. (roughly maintain same direction, improved efficient obstacle avoidance)
@article{xie2018mecanum_wheel,
  title={Power-minimization and energy-reduction autonomous navigation of an omnidirectional Mecanum robot via the dynamic window approach local trajectory planning},
  author={Xie, Li and Henkel, Christian and Stol, Karl and Xu, Weiliang},
  year={2018},
  journal={International Journal of Advanced Robotic Systems}
}

% Robot cell energy efficiency improvement through improved stask scheduling, reducing idle time waiting on common zone to be cleared by another robot from the same cell.
@article{wingstrom2013robot_cell_scheduling,
  title={Sustainable production automation-energy optimization of robot cells},
  author={Wigström, Oskar and Lennartson, Bengt},
  pages={252–257},
  year={2013},
  publisher={IEEE}
}

% Improvement in energy efficiency in the context of service robots (robot to human), use of FPGA (unconventional) for acceleration of image recognition. More efficient (W/fps) and more FPS achieved.
@article{cheng2018FPGA_image_recognition,
  title={A Performance Per Power Efficient Object Detector on an FPGA for Robot Operating System (ROS)},
  author={Cheng, Haoxuan and Sato, Shimpei and Nakahara, Hiroki},
  year={2018}
}

% Improve energy efficiency by finding a more efficient (higher channel gain) position for the robot to send data over wireless comms.
@article{licea2013wireless_comms,
  title={An energy saving robot mobility diversity algorithm for wireless communications},
  author={Licea, Daniel Bonilla and McLernon, Des and Ghogho, Mounir and Zaidi, Syed Ali Raza},
  pages={1–5},
  year={2013},
  publisher={IEEE}
}

% Saves energy by using a Neural Network, trained to be aversive towards tasks that it perceives to be energy inefficient / cost too much in terms of energy.
@article{kirtay2013humanoid_emotion,
  title={Emergent emotion via neural computational energy conservation on a humanoid robot},
  author={Kırtay, Murat and Oztop, Erhan},
  pages={450–455},
  year={2013},
  publisher={IEEE}
}

% Robot-to-Robot offloading or cloud offloading of tasks, waste a bit of energy on wireless comms, more latency, but more optimised cloud, less energy.
@article{rahman2019cloud_robot_offloading,
  title={Energy-efficient optimal task offloading in cloud networked multi-robot systems},
  author={Rahman, Akhlaqur and Jin, Jiong and Rahman, Ashfaqur and Cricenti, Antonio and Afrin, Mahbuba and Dong, Yu-ning},
  year={2019}
}

% Optimising energy efficiency by tuning throughput relative to cycle time with a certain threshold on cycle time. Minimizing idle time in the process. (minimize acceleration / decelleration, speed etc while maintaining threshold cycle time).
@article{gurel2019industrial_robot_scheduling,
  title={Energy conscious scheduling of a material handling robot in a manufacturing cell},
  author={Gürel, Sinan and Gultekin, Hakan and Akhlaghi, Vahid Eghbal},
  pages={97–108},
  year={2019}
}

% An energy-efficient distributed model for swarm robots, minimizing data traffic and duplicate data sent by using a model based on the popular, industry-standard MapReduce.
@article{huh2013distributed_swarm,
  title={Energy-efficient distributed programming model for swarm robot},
  author={Huh, Sungju and Hong, Seongsoo and Lee, Joonghyun},
  pages={300–305},
  year={2013},
  publisher={IEEE}
}

% Minimizing energy loss by loss of traction or a water hose getting stuck on a corner by introducing sub-robots that carry the water hose behind the firefighting robot. Introduces an algorithm which facilitates communication between the robots, increasing the sub-robots value even more.
@article{kim2016firefighting_robot,
  title={Modeling of a multi-robot energy saving system to increase operating time of a firefighting robot},
  author={Kim, Jeongwan and Dietz, J. Eric and Matson, Eric T.},
  pages={1–6},
  year={2016},
  publisher={IEEE}
}

% Adds Energy State and Energy Consumption as main criterion based on which tasks are assigned. Energy efficient paths calculated with minimal stops and turns.
@article{benkrid2016multi_robot_exploration,
  title={Multi-robot Coordination for Energy-Efficient Exploration},
  author={Benkrid, Abdenour and Benallegue, Abdelaziz and Achour, Noura},
  pages={911–920},
  year={2019},
  journal={Journal of Control, Automation and Electrical Systems}
}

% Using a neural network to optimise industrial robot motion paths, minizing torque over time, to in-turn minimize energy consumption. Cycle time suffers, and thus needs to be set to a certain threshold.
@article{kaitwanidvilai2020industrial_robot_cycle_time,
  title={Remote Sensing to Minimize Energy Consumption of Six-axis Robot Arm Using Particle Swarm Optimization and Artificial Neural Network to Control Changes in Real Time},
  author={Kaitwanidvilai, Somyot and Chanarungruengkij, Veerasak and Konghuayrob, Poom},
  pages={499–510},
  year={2020}
}

% Strategy outlining what an autonomous robot needs to be able to know and perform to be energy-efficient.
@article{barili1995efficient_motion,
  title={Energy-saving motion control for an autonomous mobile robot},
  author={Barili, A. and Ceresa, M. and Parisi, C.},
  pages={674–676},
  year={1995},
  publisher={IEEE}
}

% More efficient path planner based on a live grid system.
@article{jia2004grid_strategy_exploration,
  title={An efficient strategy integrating grid and topological information for robot exploration},
  author={Jia, Menglei and Zhou, GuangMing and Chen, ZongHai},
  pages={667–672},
  year={2004},
  publisher={IEEE}
}

% Analysis model of software energy impact. Bad quality software in terms of energy consumption can be identified and tackled.
@article{hou2017novel_cloud_evaluation_model,
  title={A novel green software evaluation model for cloud robotics},
  author={Hou, Gang and Zhou, Kuanjiu and Qiu, Tie and Cao, Xun and Li, Mingchu and Wang, Jie},
  pages={139–156},
  year={2017}
}

% Analysing energy consumers on mobile robots. Turns out motion is only 50% of energy consumption, more gains to be had in other areas of mobile robots (another 50%).
@article{mei2005energy_consumers_identified,
  title={A case study of mobile robot's energy consumption and conservation techniques},
  author={Mei, Yongguo and Lu, Yung-Hsiang and Hu, Y. Charlie and Lee, CS George},
  pages={492–497},
  year={2005},
  publisher={IEEE}
}

% Minimum utilty and energy penalty chosen and moved towards using energy-optimised modified A* algorithm (minimal turns and stops). Energy penalty calculated based on distance and orientation (turn required?) to target.
@article{patel2012exploration_strategy,
  title={Efficient strategy for co-ordinated multirobot exploration},
  author={Patel, Sonali and Shukla, Anupam and Tiwari, Ritu},
  pages={105–111},
  year={2012}
}